This file was created with JabRef 2.1 beta 2.
Encoding: GB2312

% 硕士论文
@mastersthesis{张帆2015从,
  title={从 Objective-C 到 Swift 的软件移植研究及实现},
  author={张帆},
  year={2015},
  school={中国科学院大学 (工程管理与信息技术学院)}
}

% 书籍
@book{gordon1998essential,
  title={Essential JNI: Java Native Interface},
  author={Gordon, Rob},
  year={1998},
  publisher={Prentice-Hall, Inc.}
}

% 期刊文章
@article{metz2011google,
  title={Google Native Client: The web of the future—or the past?},
  author={Metz, C},
  journal={The Register, http://www. theregister. co. uk/2011/09/12/google—native—client—from—all—sides/print. html},
  volume={13}
}

% 会议论文
@inproceedings{zakai2011emscripten,
  title={Emscripten: an LLVM-to-JavaScript compiler},
  author={Zakai, Alon},
  booktitle={Proceedings of the ACM international conference companion on Object oriented programming systems languages and applications companion},
  pages={301--312},
  year={2011},
  organization={ACM}
}

% 会议论文
@inproceedings{lattner2004llvm,
  title={LLVM: A compilation framework for lifelong program analysis \& transformation},
  author={Lattner, Chris and Adve, Vikram},
  booktitle={Code Generation and Optimization, 2004. CGO 2004. International Symposium on},
  pages={75--86},
  year={2004},
  organization={IEEE}
}

% 期刊文章
@article{herman2013asm,
  title={asm. js: Working Draft 17 March 2013},
  author={Herman, D and Wagner, L and Zakai, A},
  journal={Available online at asmjs. org/spec/latest. Accessed June},
  year={2013}
}

% 期刊文章
@article{webgl20142,
  title={2.0 for the Web},
  author={WebGL-OpenGL, ES},
  journal={Khronos Group},
  year={2014}
}

% 会议论文
@inproceedings{lattner2008llvm,
  title={LLVM and Clang: Next generation compiler technology},
  author={Lattner, Chris},
  booktitle={The BSD Conference},
  pages={1--2},
  year={2008}
}

% 在bibtex里意为不属于其他任何类型的作品,缺省时应为misc
@other{clang2005language,
  title={language family frontend for LLVM},
  author={Clang, C},
  year={2005}
}

% 书籍
@book{stallman2004gnu,
  title={GNU Make: A program for directing recompilation, for version 3.81},
  author={Stallman, Richard M and McGrath, Roland and Smith, Paul D},
  year={2004},
  publisher={Free Software Foundation}
}

% 在bibtex里意为不属于其他任何类型的作品
@other{jameson2006collection,
  title={Collection makefile generator},
  author={Jameson, Kevin Wade},
  year={2006},
  month=feb # "~21",
  publisher={Google Patents},
  note={US Patent 7,003,759}
}

% 期刊文章
@article{mccormack2012web,
  title={Web IDL},
  author={McCormack, Cameron},
  journal={World Wide Web Consortium},
  year={2012}
}

% 期刊文章
@article{cignoni2008meshlab,
  title={Meshlab: an open-source 3d mesh processing system},
  author={Cignoni, Paolo and Corsini, Massimiliano and Ranzuglia, Guido},
  journal={Ercim news},
  volume={73},
  number={45-46},
  pages={6},
  year={2008}
}

% 会议论文
@inproceedings{yermolovich2009optimization,
  title={Optimization of dynamic languages using hierarchical layering of virtual machines},
  author={Yermolovich, Alexander and Wimmer, Christian and Franz, Michael},
  booktitle={ACM Sigplan Notices},
  volume={44},
  number={12},
  pages={79--88},
  year={2009},
  organization={ACM}
}

% 期刊文章
@article{coumans2010bullet,
  title={Bullet physics engine},
  author={Coumans, Erwin},
  journal={Open Source Software: http://bulletphysics. org},
  volume={1},
  year={2010}
}

% 会议论文
@inproceedings{junyan2009application,
  title={Application research of embedded database SQLite},
  author={Junyan, Lv and Shiguo, Xu and Yijie, Li},
  booktitle={Information Technology and Applications, 2009. IFITA'09. International Forum on},
  volume={2},
  pages={539--543},
  year={2009},
  organization={IEEE}
}

% 期刊文章
@article{李浩2014浅谈不同平台的软件移植研究,
  title={浅谈不同平台的软件移植研究},
  author={李浩},
  journal={魅力中国},
  number={10},
  pages={110--110},
  year={2014}
}

% 期刊文章
@article{黄聪会2012软件移植理论与技术研究,
  title={软件移植理论与技术研究},
  author={黄聪会 and 陈靖 and 张黎 and 李东阳},
  journal={计算机应用研究},
  volume={29},
  number={6},
  pages={2024--2027},
  year={2012}
}

% 期刊文章
@article{杨学太硬件异构平台下应用软件移植,
  title={硬件异构平台下应用软件移植},
  author={杨学太},
  publisher={万方数据资源系统}
}